@ARTICLE{article:test,
AUTHOR = "author names",
TITLE = "{article title}",
JOURNAL = "journal title",
VOLUME = {0},
NUMBER = {0-1},
PAGES = {0},
PUBLISHER = {publisher name},
YEAR = {2011}
}
